[gd_scene load_steps=8 format=3 uid="uid://d4m4o2tj2pujl"]

[ext_resource type="Script" path="res://Player/Player.gd" id="1_k5y37"]
[ext_resource type="Texture2D" uid="uid://cwnurpj8arrsg" path="res://Player/Player.png" id="2_6148q"]
[ext_resource type="Texture2D" uid="uid://dgveycywm5l3" path="res://Player/Player-explosion1.png" id="3_behk2"]
[ext_resource type="Texture2D" uid="uid://bcrop6rj1j3bm" path="res://Player/Player-explosion2.png" id="4_g45do"]
[ext_resource type="Texture2D" uid="uid://db10g6o3404bx" path="res://Player/Player-explosion3.png" id="5_biblb"]

[sub_resource type="SpriteFrames" id="SpriteFrames_e7dmf"]
animations = [{
"frames": [{
"duration": 1.0,
"texture": ExtResource("3_behk2")
}, {
"duration": 1.0,
"texture": ExtResource("4_g45do")
}, {
"duration": 1.0,
"texture": ExtResource("5_biblb")
}, {
"duration": 1.0,
"texture": ExtResource("3_behk2")
}, {
"duration": 1.0,
"texture": ExtResource("4_g45do")
}, {
"duration": 1.0,
"texture": ExtResource("5_biblb")
}, {
"duration": 1.0,
"texture": ExtResource("3_behk2")
}, {
"duration": 1.0,
"texture": ExtResource("4_g45do")
}, {
"duration": 1.0,
"texture": ExtResource("5_biblb")
}],
"loop": false,
"name": &"die",
"speed": 4.0
}]

[sub_resource type="RectangleShape2D" id="RectangleShape2D_asn3s"]
size = Vector2(12, 5)

[node name="Player" type="Area2D"]
scale = Vector2(4, 4)
collision_mask = 10
script = ExtResource("1_k5y37")

[node name="AnimatedSprite2D" type="AnimatedSprite2D" parent="."]
visible = false
texture_filter = 1
sprite_frames = SubResource("SpriteFrames_e7dmf")
animation = &"die"

[node name="Sprite" type="Sprite2D" parent="."]
texture_filter = 1
texture = ExtResource("2_6148q")

[node name="CollisionShape2D" type="CollisionShape2D" parent="."]
position = Vector2(0, 1.5)
shape = SubResource("RectangleShape2D_asn3s")

[node name="Marker2D" type="Marker2D" parent="."]
position = Vector2(0, -4)

[connection signal="area_entered" from="." to="." method="_on_area_entered"]
[connection signal="animation_finished" from="AnimatedSprite2D" to="." method="_on_animated_sprite_2d_animation_finished"]
